@article{daubechies1990wavelet,
  title={The wavelet transform, time-frequency localization and signal analysis},
  author={Daubechies, Ingrid},
  journal={Information Theory, IEEE Transactions on},
  volume={36},
  number={5},
  pages={961--1005},
  year={1990},
  publisher={IEEE}
}

@book{mallat1999wavelet,
  title={A wavelet tour of signal processing},
  author={Mallat, St{\'e}phane},
  year={1999},
  publisher={Academic press}
}

@article{adams2001jpeg,
  title={The JPEG-2000 still image compression standard},
  author={Adams, Michael D},
  year={2001},
  publisher={Citeseer}
}

@article{usevitch2001tutorial,
  title={A tutorial on modern lossy wavelet image compression: foundations of JPEG 2000},
  author={Usevitch, Bryan E},
  journal={Signal Processing Magazine, IEEE},
  volume={18},
  number={5},
  pages={22--35},
  year={2001},
  publisher={IEEE}
}

@article{mallat1989theory,
  title={A theory for multiresolution signal decomposition: the wavelet representation},
  author={Mallat, Stephane G},
  journal={Pattern Analysis and Machine Intelligence, IEEE Transactions on},
  volume={11},
  number={7},
  pages={674--693},
  year={1989},
  publisher={Ieee}
}

@inproceedings{kanai1998digital,
  title={Digital watermarking for 3D polygons using multiresolution wavelet decomposition},
  author={Kanai, Satoshi and Date, Hiroaki and Kishinami, Takeshi and others},
  booktitle={Proc. Sixth IFIP WG},
  volume={5},
  pages={296--307},
  year={1998},
  organization={Citeseer}
}

@inproceedings{baldwin2003multi,
  title={Multi-resolution modeling of large scale scientific simulation data},
  author={Baldwin, Chuck and Abdulla, Ghaleb and Critchlow, Terence},
  booktitle={Proceedings of the twelfth international conference on Information and knowledge management},
  pages={40--48},
  year={2003},
  organization={ACM}
}

@book{bethel2012high,
  title={High Performance Visualization: Enabling Extreme-Scale Scientific Insight},
  author={Bethel, E Wes and Childs, Hank and Hansen, Charles},
  year={2012},
  publisher={CRC Press}
}

@article{norton2012vapor,
  title={The VAPOR visualization application},
  author={Norton, Alan and Clyne, John},
  journal={High Performance Visualization},
  year={2012}
}

@article{clyne2007interactive,
  title={Interactive desktop analysis of high resolution simulations: application to turbulent plume dynamics and current sheet formation},
  author={Clyne, John and Mininni, Pablo and Norton, Alan and Rast, Mark},
  journal={New Journal of Physics},
  volume={9},
  number={8},
  pages={301},
  year={2007},
  publisher={IOP Publishing}
}

@inproceedings{meredith2012distributed,
  title={A distributed data-parallel framework for analysis and visualization algorithm development},
  author={Meredith, Jeremy S and Sisneros, Robert and Pugmire, David and Ahern, Sean},
  booktitle={Proceedings of the 5th Annual Workshop on General Purpose Processing with Graphics Processing Units},
  pages={11--19},
  year={2012},
  organization={ACM}
}

@article{haar1910theorie,
  title={Zur theorie der orthogonalen funktionensysteme},
  author={Haar, Alfred},
  journal={Mathematische Annalen},
  volume={69},
  number={3},
  pages={331--371},
  year={1910},
  publisher={Springer}
}

@article{cohen1992biorthogonal,
  title={Biorthogonal bases of compactly supported wavelets},
  author={Cohen, Albert and Daubechies, Ingrid and Feauveau, J-C},
  journal={Communications on pure and applied mathematics},
  volume={45},
  number={5},
  pages={485--560},
  year={1992},
  publisher={Wiley Online Library}
}
