@article{lucka2000parallel,
  title={Parallel wavelet-based compression of two-dimensional data},
  author={Lucka, Maria and Sorevik, T},
  journal={Proceedings of Algorithmy},
  pages={1--10},
  year={2000}
}

@inproceedings{chadha2002scalable,
  title={Scalable parallel wavelet transforms for image processing},
  author={Chadha, NI and Cuhadar, A and Card, Howard},
  booktitle={Electrical and Computer Engineering, 2002. IEEE CCECE 2002. Canadian Conference on},
  volume={2},
  pages={851--856},
  year={2002},
  organization={IEEE}
}

@article{tenllado2008parallel,
  title={Parallel implementation of the 2d discrete wavelet transform on graphics processing units: Filter bank versus lifting},
  author={Tenllado, Christian and Setoain, Javier and Prieto, Manuel and Pi{\~n}uel, Luis and Tirado, Francisco},
  journal={Parallel and Distributed Systems, IEEE Transactions on},
  volume={19},
  number={3},
  pages={299--310},
  year={2008},
  publisher={IEEE}
}

@inproceedings{franco2009parallel,
  title={A parallel implementation of the 2D wavelet transform using CUDA},
  author={Franco, Joaqu{\'\i}n and Bernab{\'e}, Gregorio and Fern{\'a}ndez, Juan and Acacio, Manuel E},
  booktitle={Parallel, Distributed and Network-based Processing, 2009 17th Euromicro International Conference on},
  pages={111--118},
  year={2009},
  organization={IEEE}
}

@article{franco2010parallel,
  title={Parallel 3D fast wavelet transform on manycore GPUs and multicore CPUs},
  author={Franco, Joaqu{\'\i}n and Bernab{\'e}, Gregorio and Fern{\'a}ndez, Juan and Ujald{\'o}n, Manuel},
  journal={Procedia Computer Science},
  volume={1},
  number={1},
  pages={1101--1110},
  year={2010},
  publisher={Elsevier}
}

@article{van2011accelerating,
  title={Accelerating wavelet lifting on graphics hardware using CUDA},
  author={Van der Laan, Wladimir J and Jalba, Andrei C and Roerdink, Jos BTM},
  journal={Parallel and Distributed Systems, IEEE Transactions on},
  volume={22},
  number={1},
  pages={132--146},
  year={2011},
  publisher={IEEE}
}

@article{garcia2005gpu,
  title={GPU-based 3D wavelet reconstruction with tileboarding},
  author={Garcia, Antonio and Shen, Han-Wei},
  journal={The Visual Computer},
  volume={21},
  number={8-10},
  pages={755--763},
  year={2005},
  publisher={Springer}
}

@article{wong2007discrete,
  title={Discrete wavelet transform on consumer-level graphics hardware},
  author={Wong, Tien-Tsin and Leung, Chi-Sing and Heng, Pheng-Ann and Wang, Jianqing},
  journal={Multimedia, IEEE Transactions on},
  volume={9},
  number={3},
  pages={668--673},
  year={2007},
  publisher={IEEE}
}

@article{strengert2005large,
  title={Large volume visualization of compressed time-dependent datasets on GPU clusters},
  author={Strengert, Magnus and Magall{\'o}n, Marcelo and Weiskopf, Daniel and Guthe, Stefan and Ertl, Thomas},
  journal={Parallel Computing},
  volume={31},
  number={2},
  pages={205--219},
  year={2005},
  publisher={Elsevier}
}

