@inproceedings{lee1994parallel,
  title={Parallel implementation of wavelet decomposition/reconstruction algorithms},
  author={Lee, Hung-ju and Liu, Jyh-Charn S and Chan, Andrew K and Chui, Charles K},
  booktitle={SPIE's International Symposium on Optical Engineering and Photonics in Aerospace Sensing},
  pages={248--259},
  year={1994},
  organization={International Society for Optics and Photonics}
}


@article{uhl2000optimization,
  title={Optimization of 3-d wavelet decomposition on multiprocessors},
  author={Uhl, Andreas and Kutil, Rade},
  journal={CIT. Journal of Computing and Information Technology},
  volume={8},
  number={1},
  pages={31--40},
  year={2000},
  publisher={SRCE-Sveu{\v{c}}ili{\v{s}}ni ra{\v{c}}unski centar}
}

@incollection{kutil1999hardware,
  title={Hardware and software aspects for 3-D wavelet decomposition on shared memory MIMD computers},
  author={Kutil, Rade and Uhl, Andreas},
  booktitle={Parallel Computation},
  pages={347--356},
  year={1999},
  publisher={Springer}
}

@techreport{nielsen1997scalable,
  title={A scalable parallel 2D wavelet transform algorithm},
  author={Nielsen, Ole M{\o}ller and Hegland, Markus},
  year={1997},
  institution={TR-CS-97-21, The Australian National University}
}

@article{song2011gpu,
  title={A GPU-accelerated wavelet decompression system with SPIHT and Reed-Solomon decoding for satellite images},
  author={Song, Changhe and Li, Yunsong and Huang, Bormin},
  journal={Selected Topics in Applied Earth Observations and Remote Sensing, IEEE Journal of},
  volume={4},
  number={3},
  pages={683--690},
  year={2011},
  publisher={IEEE}
}

@article{lucka2000parallel,
  title={Parallel wavelet-based compression of two-dimensional data},
  author={Lucka, Maria and Sorevik, T},
  journal={Proceedings of Algorithmy},
  pages={1--10},
  year={2000}
}

@inproceedings{chadha2002scalable,
  title={Scalable parallel wavelet transforms for image processing},
  author={Chadha, NI and Cuhadar, A and Card, Howard},
  booktitle={Electrical and Computer Engineering, 2002. IEEE CCECE 2002. Canadian Conference on},
  volume={2},
  pages={851--856},
  year={2002},
  organization={IEEE}
}

@inproceedings{franco2009parallel,
  title={A parallel implementation of the 2D wavelet transform using CUDA},
  author={Franco, Joaqu{\'\i}n and Bernab{\'e}, Gregorio and Fern{\'a}ndez, Juan and Acacio, Manuel E},
  booktitle={Parallel, Distributed and Network-based Processing, 2009 17th Euromicro International Conference on},
  pages={111--118},
  year={2009},
  organization={IEEE}
}


@article{van2011accelerating,
  title={Accelerating wavelet lifting on graphics hardware using CUDA},
  author={Van der Laan, Wladimir J and Jalba, Andrei C and Roerdink, Jos BTM},
  journal={Parallel and Distributed Systems, IEEE Transactions on},
  volume={22},
  number={1},
  pages={132--146},
  year={2011},
  publisher={IEEE}
}



@inproceedings{fogal2010large,
  title={Large data visualization on distributed memory multi-GPU clusters},
  author={Fogal, Thomas and Childs, Hank and Shankar, Siddharth and Kr{\"u}ger, Jens and Bergeron, R Daniel and Hatcher, Philip},
  booktitle={Proceedings of the Conference on High Performance Graphics},
  pages={57--66},
  year={2010},
  organization={Eurographics Association}
}

@misc{cudaprogramming,
  title={Programming Guide: CUDA Toolkit Documentation},
  author={Nvidia, Corporation},
  url={http://docs.nvidia.com/cuda/cuda-c-programming-guide/index.html#axzz3cLXJ8NOf},
  year={2015}
}

@inproceedings{sharma2010parallel,
  title={Parallel discrete wavelet transform using the open computing language: a performance and portability study},
  author={Sharma, Bharatkumar and Vydyanathan, Naga},
  booktitle={Parallel \& Distributed Processing, Workshops and Phd Forum (IPDPSW), 2010 IEEE International Symposium on},
  pages={1--8},
  year={2010},
  organization={IEEE}
}

@article{bernabe2013optimization,
  title={Optimization techniques for 3D-FWT on systems with manycore GPUs and multicore CPUs},
  author={Bernab{\'e}, Gregorio and Cuenca, Javier and Gim{\'e}nez, Domingo},
  journal={Procedia Computer Science},
  volume={18},
  pages={319--328},
  year={2013},
  publisher={Elsevier}
}

@inproceedings{bernabe2012cuda,
  title={CUDA and OpenCL implementations of 3D fast wavelet transform},
  author={Bernab{\'e}, Gregorio and Guerrero, Gin{\'e}s D and Fern{\'a}ndez, Juan},
  booktitle={Circuits and Systems (LASCAS), 2012 IEEE Third Latin American Symposium on},
  pages={1--4},
  year={2012},
  organization={IEEE}
}

@article{skodras2001jpeg,
  title={The {JPEG} 2000 still image compression standard},
  author={Skodras, Athanassios and Christopoulos, Charilaos and Ebrahimi, Touradj},
  journal={Signal Processing Magazine, IEEE},
  volume={18},
  number={5},
  pages={36--58},
  year={2001},
  publisher={IEEE}
}

@inproceedings{clyne2003multiresolution,
  title={{The multiresolution toolkit: Progressive access for regular gridded data}},
  author={Clyne, John},
  booktitle={Proceedings of Visualization, Imaging, and Image Processing 2003},
  pages={152--157},
  year={2003}
}
